%% This BibTeX bibliography file was created using BibDesk.
%% http://bibdesk.sourceforge.net/


%% Created for Micha Schönenberger at 2013-01-04 09:55:01 +0100 


%% Saved with string encoding Unicode (UTF-8) 



@url{citemoodle_Mehrstufenkonzept,
	Author = {Dr.-Ing. Ralf Mock},
	Date-Added = {2013-01-04 08:51:44 +0000},
	Date-Modified = {2013-01-04 08:54:58 +0000},
	Howpublished = {\url{http://moodle.zhaw.ch/mod/resource/view.php?id=293039}},
	Lastchecked = {2013-01-03},
	Month = {september},
	Organization = {ZHAW},
	Title = {Safety Culture},
	Urldate = {2013-01-03 01:45 pm},
	Year = {2012}}

@url{fmea_moodle,
	Author = {Dr.-Ing. Ralf Mock},
	Date-Added = {2012-12-11 19:43:18 +0000},
	Date-Modified = {2012-12-11 19:44:43 +0000},
	Howpublished = {\url{http://moodle.zhaw.ch/mod/resource/view.php?id=298818}},
	Lastchecked = {2012-12-11},
	Month = {september},
	Organization = {ZHAW (Zürcher Hochschule für für Angewandte Wissenschaften)},
	Title = {Informatiksicherheit im Spital},
	Urldate = {2012-12-11 20:43},
	Year = {2012}}

@url{hintag,
	Author = {Dr. Hans Balmer},
	Date-Added = {2012-12-10 09:46:59 +0000},
	Date-Modified = {2012-12-10 09:48:52 +0000},
	Howpublished = {\url{http://www.hintag.ch/fileadmin/pdf/Clinicum_6_2011.pdf}},
	Lastchecked = {2012-12-10},
	Month = {december},
	Organization = {www.hintag.ch},
	Title = {Wie hoch sind die Risiken, wie hoch die IT-Infrastruktur},
	Urldate = {2012-12-10 10:47 am},
	Year = {2012}}

@url{pharmavista,
	Author = {Schweizerische Eidgenossenschaft, EVD},
	Date-Added = {2012-12-09 10:00:30 +0000},
	Date-Modified = {2012-12-09 10:04:38 +0000},
	Howpublished = {\url{http://www.pharmavista.net/downloads/company/download/Schlussbericht\%20Sektorspezifische\%20Risikoanalyse\%20Sektor\%20Gesundheitswesen.pdf}},
	Lastchecked = {2012-12-09},
	Month = {october},
	Organization = {Bereich ICT-Infrastruktur},
	Title = {Sektorspezifische Risikoanalyse Sektor Gesundheitswesen},
	Urldate = {2012-12-09 11:00 am},
	Year = {2007}}

@url{gisi_pdf,
	Author = {WI Team HFW Bern - Wirtschaftsinformatik},
	Date-Added = {2012-12-08 15:30:31 +0000},
	Date-Modified = {2012-12-08 15:32:07 +0000},
	Howpublished = {\url{http://www.gisi.ch/fileadmin/Dateien/PDF/Gisi\%20Consult\%20HFW\%20Bern\%20Skript\%20Wirtschaftsinformatik.pdf}},
	Lastchecked = {2012-12-08},
	Month = {december},
	Organization = {HFW Bern},
	Title = {Strategisches IT-Management},
	Urldate = {2012-12-08 16:30 pm},
	Year = {2012}}

@url{moodle_FMEA,
	Author = {Dr.-Ing. Ralf Mock},
	Date-Added = {2012-12-08 14:13:20 +0000},
	Date-Modified = {2013-01-04 08:54:42 +0000},
	Howpublished = {\url{http://moodle.zhaw.ch/mod/resource/view.php?id=298818}},
	Lastchecked = {2012-12-08},
	Month = {october},
	Organization = {ZHAW},
	Title = {Failure Mode and Effects Analysis},
	Urldate = {2012-12-08 01:45 pm},
	Year = {2012}}

@url{Inselspital_Vortrag,
	Author = {Rolf Kraus-Ruppert},
	Date-Added = {2012-12-08 12:44:40 +0000},
	Date-Modified = {2012-12-08 12:50:10 +0000},
	Howpublished = {\url{http://www.datenschutz-forum.ch/sites/default/files/Informatiksicherheit\%20im\%20Spital.pdf}},
	Lastchecked = {2012-12-08},
	Month = {december},
	Organization = {Inselspital Bern},
	Title = {Informatiksicherheit im Spital},
	Urldate = {2012-12-08 01:45 pm},
	Year = {2012}}
